@CONFERENCE {bib:nohl2008,
    author    = "K. Nohl et al.",
    title     = "Reverse-Engineering a Cryptographic RFID Tag",
    booktitle = "17th USENIX Security Symposium",
    year      = "2008",
    volume    = "17",
    publisher = "USENIX",
    note      = "Online; \url{https://www.usenix.org/legacy/events/sec08/tech/full_papers/nohl/nohl.pdf}"
}
@MISC {bib:appel,
    author       = "Govindavajhala, S. \& Appel, A.",
    title        = "Using  MemoryErrors to Attack a Virtual Machine",
    howpublished = "Princeton University",
    note         = "Online; \url{https://www.cs.princeton.edu/~appel/papers/memerr.pdf}"
}
@MISC {bib:chdk,
    author       = "CHDK Wiki.",
    title        = "Obtaining a firmware dump",
    howpublished = "CHDK Wiki.",
    note         = "Online; \url{https://chdk.fandom.com/wiki/Obtaining_a_firmware_dump#Q._How_can_I_get_a_firmware_dump.3F}"
}
@MISC {bib:canon,
    author       = "HackingHood.",
    title        = "Canon SD300 camera analysis",
    howpublished = "HackingHood.",
    note         = "Online; \url{https://sites.google.com/site/hackinghood2/home}"
}
@MISC {bib:boneh,
    author       = "D. Boneh et al.",
    title        = "On the Importance of Eliminating Errors in Cryptographic Computations",
    howpublished = "Dept. of Computer Science, Stanford University",
    note         = "Online; \url{https://link.springer.com/content/pdf/10.1007/s001450010016.pdf}"
}
@MISC {bib:lenstra,
    author       = "M. Joye et al.",
    title        = "Chinese Remaindering Based Cryptosystems in the Presence of Faults",
    howpublished = "UCL Crypto Group, Dep. de Mathematique, Universite de Louvain",
    note         = "Online; \url{http://citeseerx.ist.psu.edu/viewdoc/download?doi=10.1.1.55.5491\&rep=rep1\&type=pdf}"
}
@MISC {bib:schmidt,
    author       = "Schmidt J.M. \& Hutter M.",
    title        = "Optical and EM Fault-Attacks on CRT-based RSA: Concrete Results",
    howpublished = "Institute for Applied Information Processing and Communciations, Graz University of Technology",
    note         = "Online; \url{https://online.tugraz.at/tug_online/voe_main2.getvolltext?pCurrPk=32877}"
}
@MISC {bib:rowhammer,
    author       = "Y. Kim et al.",
    title        = "Flipping Bits in Memory Without Accessing Them: An Experimental Study of DRAM Disturbance Errors",
    howpublished = "Intel Labs, Carnegie Mellon University",
    note         = "Online; \url{https://users.ece.cmu.edu/~yoonguk/papers/kim-isca14.pdf}"
}
@MISC {bib:ffs,
    author       = "K. Razavi et al.",
    title        = "Flip Feng Shui: Hammering a Needle in the Software Stack",
    howpublished = "Vrije Universiteit Amsterdam",
    note         = "Online; \url{https://www.cs.vu.nl/~herbertb/download/papers/flip-feng-shui_bheu16.pdf}"
}
@MISC {bib:eccploit,
    author       = "L. Cojocar et al.",
    title        = "Exploiting Correcting Codes: On the Effectiveness of ECC Memory Against Rowhammer Attacks",
    howpublished = "Vrije Universiteit Amsterdam",
    note         = "Online; \url{https://cs.vu.nl/~lcr220/ecc/ecc-rh-paper-sp2019-cr.pdf}"
}