
@online{wikiRSA,
  author = {Wikipedia},
  title = {RSA (cryptosystem)},
  year = 2019,
  url = {https://en.wikipedia.org/wiki/RSA_(cryptosystem)},
  urldate = {2019-07-14}

@COMMENT Example Sources

@BOOK{PFH1E,
author = {Lode, Clemens},
title = {Philosophy for Heroes: Knowledge},
keywords = {recommendedEN},
isbn = {978-39-4558-621-1},
publisher = {Clemens Lode Verlag e.K.},
year = {2016},
type = {Book},
subjects = {Philosophy; Linguistics}
}

@book{katz1996handbook,
  title={Handbook of applied cryptography},
  author={Katz, Jonathan and Menezes, Alfred J and Van Oorschot, Paul C and Vanstone, Scott A},
  year={1996},
  publisher={CRC press}
}

@book{dingyi1996chinese,
  title={Chinese remainder theorem: applications in computing, coding, cryptography},
  author={Dingyi, Pei and Arto, Salomaa and Cunsheng, Ding},
  year={1996},
  publisher={World Scientific}

@BOOK{PFH3E,
author = {Lode, Clemens},
title = {Philosophy for Heroes: Act},
keywords = {recommendedEN},
isbn = {978-39-4558-623-5},
publisher = {Clemens Lode Verlag e.K.},
year = {2018},
type = {Book},
subjects = {Philosophy; Ethics; Psychology}
}

@BOOK{PFH4E,
author = {Lode, Clemens},
title = {Philosophy for Heroes: Epos},
keywords = {recommendedEN},
isbn = {978-39-4558-624-2},
publisher = {Clemens Lode Verlag e.K.},
year = {2019},
type = {Book},
subjects = {Philosophy; Heroism; Religion}
}

@BOOK{kanban-remastered,
author = {Lode, Clemens},
title = {Kanban Remastered: Agile Lessons from Strategy Games},
asin = {B06ZZLF815},
publisher = {Clemens Lode Verlag e.K.},
keywords = {recommendedEN},
year = {2017},
type = {Book},
subjects = {Kanban; Agile; Management; Operations Research}
}

@BOOK{scrum-your-jira,
author = {Lode, Clemens},
title = {Scrum Your Jira! Your Waterfall Organization Transformed Into Agile Multidisciplinary Teams},
isbn = {978-3945586655},
publisher = {Clemens Lode Verlag e.K.},
year = {2017},
keywords = {recommendedEN},
type = {Book},
subjects = {Scrum; Agile; Management; Operations Research}
}



@BOOK{ifyouwanttowrite,
author = {Ueland, Brenda},
title = {If You Want to Write: A Book about Art, Independence and Spirit},
isbn = {978-80-8783-058-1},
year = {2012},
type = {Book},
publisher = {Important Books}
}

@BOOK{ BBWL,
author = { Lode, Clemens },
title = { Better Books with LaTeX },
keywords = { recommendedEN },
isbn = { 978-3-945586-46-4  },
publisher = { Clemens Lode Verlag e.K. },
year = { 2018 },
type = { Book }
}

@COMMENT Chapter 1 Sources

@article{shusterman2018robust,
  title={Robust website fingerprinting through the cache occupancy channel},
  author={Shusterman, Anatoly and Kang, Lachlan and Haskal, Yarden and Meltser, Yosef and Mittal, Prateek and Oren, Yossi and Yarom, Yuval},
  journal={arXiv preprint arXiv:1811.07153},
  year={2018}
}

@website{ATM_bruteforce_block,
    title={ATM Card Blocked After Certain Numbers Of Wrong PIN},
    url={\url{https://www.isrgrajan.com/atm-card-blocked-after-certain-numbers-of-wrong-pin-attempts.html}}
}

@inproceedings{kocher1996timing,
  title={Timing attacks on implementations of Diffie-Hellman, RSA, DSS, and other systems},
  author={Kocher, Paul C},
  booktitle={Annual International Cryptology Conference},
  pages={104--113},
  year={1996},
  organization={Springer}
}

@article{kaliski2006mathematics,
  title={The Mathematics of the RSA Public-Key Cryptosystem},
  author={Kaliski, Burt},
  journal={RSA Laboratories},
  year={2006}
}

@COMMENT Chapter 1 Sources END

@article{Percival2009,
author = {Percival, Colin},
year = {2005},
pages = {},
title = {Cache missing for fun and profit},
journal = {}
}

@book{warren2013hacker,
  title={Hacker's delight},
  author={Warren, Henry S},
  year={2013},
  publisher={Pearson Education}
}

@inproceedings{dhem1998practical,
  title={A practical implementation of the timing attack},
  author={Dhem, Jean-Francois and Koeune, Francois and Leroux, Philippe-Alexandre and Mestr{\'e}, Patrick and Quisquater, Jean-Jacques and Willems, Jean-Louis},
  booktitle={International Conference on Smart Card Research and Advanced Applications},
  pages={167--182},
  year={1998},
  organization={Springer}
}

@online{wikittest,
  author = {Wikipedia},
  title = {Student's t-test},
  year = 2019,
  url = {https://en.wikipedia.org/wiki/Student\%27s_t-test},
  urldate = {2019-07-14}
}


@online{wikigosset,
  author = {Wikipedia},
  title = {William Sealy Gosset},
  year = 2019,
  url = {https://en.wikipedia.org/wiki/William_Sealy_Gosset},
  urldate = {2019-07-14}
}

@inproceedings{witteman2011defeating,
  title={Defeating RSA multiply-always and message blinding countermeasures},
  author={Witteman, Marc F and van Woudenberg, Jasper GJ and Menarini, Federico},
  booktitle={Cryptographersâ€™ Track at the RSA Conference},
  pages={77--88},
  year={2011},
  organization={Springer}
}
@COMMENT Chapter 9 Sources END